@misc{prev,
author = {Daniel von Eschwege},
title = {asassas},
month = August,
year = 2020,
}

@misc{opamp,
author = {Wayne Storr},
title = {Operational Amplifiers},
url = {https://www.electronics-tutorials.ws/opamp},
year = {2018},
}

@misc{filter,
author = {Wayne Storr},
title = {Filters},
url = {https://www.electronics-tutorials.ws/filter},
year = {2018},
}

@misc{schmitt,
author = {Wayne Storr},
title = {Op-amp Comparator},
url = {https://www.electronics-tutorials.ws/opamp/op-amp-comparator.html},
year = {2018},
}

@misc{octo,
title = {Octopart},
url = {https://octopart.com/},
organization = {Octopart},
year = 2020,
}

@misc{actpas,
title = {Difference Between Active and Passive Filter},
url = {https://circuitglobe.com/difference-between-active-and-passive-filter.html#ComparisonChart},
}

@misc{PWM,
title = {Analog Output - Convert PWM to Voltage},
url = {https://www.instructables.com/id/Analog-Output-Convert-PWM-to-Voltage/},
}

@manual{tl081,
title = "TL08xx: JFET-Input Operational Amplifiers",
organization = "Texas Instruments",
howpublished = "TL081 Datasheet",
month = May,
year = 2015,
}

@manual{tlc,
title = "TLC227x: Advanced LinCMOS Rail-to-Rail Operational Amplifiers",
organization = "Texas Instruments",
howpublished = "TL2272 Datasheet",
month = March,
year = 2016,
}


@misc{cs,
author = {HW Jordaan},
title = {Control systems - 314},
url = {https://learn.sun.ac.za/course/view.php?id=53481},
year = {2020},
}

@manual{pdd,
title = "E-Design 314 2020 - Project Definition Document",
author = "Visagie, L. and Barnard, A.",
howpublished = "Project Definition Document",
version = "0.5",
month = May,
year = 2020,
}
