@misc{opamp,
author = {Wayne Storr},
title = {Operational Amplifiers},
url = {https://www.electronics-tutorials.ws/opamp},
year = {2018},
}

@misc{arduino,
organization = {Farnell},
title = {Arduino Uno},
url = {https://www.farnell.com/datasheets/1682209.pdf},
year = 2018,
}

@misc{filter,
author = {Wayne Storr},
title = {Filters},
url = {https://www.electronics-tutorials.ws/filter},
year = {2018},
}

@misc{schmitt,
author = {Wayne Storr},
title = {Op-amp Comparator},
url = {https://www.electronics-tutorials.ws/opamp/op-amp-comparator.html},
year = {2018},
}

@misc{octo,
title = {Octopart},
url = {https://octopart.com/},
organization = {Octopart},
year = 2020,
}

@misc{actpas,
title = {Difference Between Active and Passive Filter},
url = {https://circuitglobe.com/difference-between-active-and-passive-filter.html#ComparisonChart},
}

@misc{PWM,
title = {Analog Output - Convert PWM to Voltage},
url = {https://www.instructables.com/id/Analog-Output-Convert-PWM-to-Voltage/},
}

@manual{tl081,
title = "TL08xx: JFET-Input Operational Amplifiers",
organization = "Texas Instruments",
howpublished = "TL081 Datasheet",
month = May,
year = 2015,
}

@manual{lt1018,
title = "LT1018 Micropower Dual Comparator",
organization = "Linear Technology",
howpublished = "LT1018 Datasheet",
}

@manual{tlc2272,
title = "TLC227x: Advanced LinCMOS Rail-to-Rail Operational Amplifiers",
organization = "Texas Instruments",
howpublished = "TL2272 Datasheet",
month = March,
year = 2016,
}


@misc{cs,
author = {HW Jordaan},
title = {Control systems - 314},
url = {https://learn.sun.ac.za/course/view.php?id=53481},
year = {2020},
}

@manual{pdd,
title = "E-Design 314 2020 - Project Definition Document",
author = "Visagie, L. and Barnard, A.",
howpublished = "Project Definition Document",
version = "0.5",
month = May,
year = 2020,
}

@manual{lm7805,
title = "LM78LXXA 3-Terminal 0.1 A Positive Voltage Regulator",
organization = "Fairchild Semiconductor Corporation",
howpublished = "LM7805 Datasheet",
month = March,
year = 2013,
}

@manual{lm2595,
title = "LM2595 SIMPLE SWITCHERÂ® Power Converter 150-kHz 1-A Step-Down Voltage Regulator",
organization = "Texas Instruments",
howpublished = "LM2595 Datasheet",
month = May,
year = 2016,
}

@manual{tl081,
title = "TL08xx: JFET-Input Operational Amplifiers",
organization = "Texas Instruments",
howpublished = "TL081 Datasheet",
month = May,
year = 2015,
}

@manual{tlc,
title = "TLC227x: Advanced LinCMOS Rail-to-Rail Operational Amplifiers",
organization = "Texas Instruments",
howpublished = "TL2272 Datasheet",
month = March,
year = 2016,
}

@misc{cs,
author = {HW Jordaan},
title = {Control systems - 314},
url = {https://learn.sun.ac.za/course/view.php?id=53481},
year = {2020}
}

@misc{vground,
author = {M. J. {Booysen}},
title = {E344 - Lecture 2},
url = {https://www.youtube.com/watch?v=5bzHyeFQCPo&feature=youtu.be},
year = {2020}
}

@manual{pdd,
title = "E-Design 314 2020 - Project Definition Document",
author = "Visagie, L. and Barnard, A.",
howpublished = "Project Definition Document",
version = "0.5",
month = May,
year = 2020,
}
